<record><leader>00000cas a2200000 i 4500</leader><controlfield tag="001">875461071</controlfield><controlfield tag="006">m     o  d        </controlfield><controlfield tag="007">cr |||||||||||</controlfield><controlfield tag="008">140402d18521870lauwr neo     0   a0eng  </controlfield><datafield ind1=" " ind2=" " tag="010"><subfield code="a">  2014218245</subfield></datafield><datafield ind1=" " ind2=" " tag="040"><subfield code="a">DLC</subfield><subfield code="b">eng</subfield><subfield code="e">rda</subfield><subfield code="c">DLC</subfield><subfield code="d">OCLCF</subfield></datafield><datafield ind1="0" ind2=" " tag="022"><subfield code="a">2371-9559</subfield><subfield code="2">1</subfield></datafield><datafield ind1=" " ind2=" " tag="042"><subfield code="a">pcc</subfield><subfield code="a">nsdp</subfield></datafield><datafield ind1=" " ind2=" " tag="043"><subfield code="a">n-us-la</subfield></datafield><datafield ind1="1" ind2="0" tag="050"><subfield code="a">ISSN RECORD</subfield></datafield><datafield ind1="0" ind2="0" tag="082"><subfield code="a">071</subfield><subfield code="2">23</subfield></datafield><datafield ind1="0" ind2=" " tag="130"><subfield code="a">South-western (Shreveport, La. : 1852 : Online)</subfield></datafield><datafield ind1=" " ind2="4" tag="222"><subfield code="a">The south-western</subfield><subfield code="b">(Shreveport, La. 1852. Online)</subfield></datafield><datafield ind1="1" ind2="4" tag="245"><subfield code="a">The south-western.</subfield></datafield><datafield ind1=" " ind2="1" tag="264"><subfield code="a">Shreveport, Louisiana :</subfield><subfield code="b">L. Dillard &amp; Co.</subfield></datafield><datafield ind1=" " ind2=" " tag="300"><subfield code="a">1 online resource</subfield></datafield><datafield ind1=" " ind2=" " tag="310"><subfield code="a">Weekly</subfield></datafield><datafield ind1=" " ind2=" " tag="336"><subfield code="a">text</subfield><subfield code="b">txt</subfield><subfield code="2">rdacontent</subfield></datafield><datafield ind1=" " ind2=" " tag="337"><subfield code="a">computer</subfield><subfield code="b">c</subfield><subfield code="2">rdamedia</subfield></datafield><datafield ind1=" " ind2=" " tag="338"><subfield code="a">online resource</subfield><subfield code="b">cr</subfield><subfield code="2">rdacarrier</subfield></datafield><datafield ind1="1" ind2=" " tag="362"><subfield code="a">Began in 1852; ceased with vol. XIX, no. 20 (November 30, 1870).</subfield></datafield><datafield ind1=" " ind2=" " tag="588"><subfield code="a">Description based on: Vol. III, no. 1 (August 23, 1854); title from masthead (Chroniclingamerica.loc.gov, viewed April 2, 2014).</subfield></datafield><datafield ind1=" " ind2=" " tag="588"><subfield code="a">Latest issue consulted: Vol. XIX, no. 20 (November 30, 1870) (Chroniclingamerica.loc.gov, viewed April 2, 2014).</subfield></datafield><datafield ind1=" " ind2="0" tag="651"><subfield code="a">Shreveport (La.)</subfield><subfield code="v">Newspapers.</subfield></datafield><datafield ind1=" " ind2="7" tag="655"><subfield code="a">Newspapers.</subfield><subfield code="2">fast</subfield><subfield code="0">(OCoLC)fst01423814</subfield></datafield><datafield ind1=" " ind2="7" tag="651"><subfield code="a">Louisiana</subfield><subfield code="z">Shreveport.</subfield><subfield code="2">fast</subfield><subfield code="0">(OCoLC)fst01209612</subfield></datafield><datafield ind1=" " ind2=" " tag="752"><subfield code="a">United States</subfield><subfield code="b">Louisiana</subfield><subfield code="c">Caddo</subfield><subfield code="d">Shreveport.</subfield></datafield><datafield ind1="0" ind2=" " tag="775"><subfield code="t">Daily south-western (Shreveport, La. : 1868 : Online)</subfield></datafield><datafield ind1="0" ind2="8" tag="776"><subfield code="i">Originally issued in print:</subfield><subfield code="t">South-western (Shreveport, La. : 1852)</subfield><subfield code="x">2334-5993</subfield><subfield code="w">(DLC)sn 83016483</subfield><subfield code="w">(OCoLC)9864985</subfield></datafield><datafield ind1="0" ind2="0" tag="785"><subfield code="t">Weekly south-western (Shreveport, La. : 1870 : Online)</subfield></datafield><datafield ind1="4" ind2="0" tag="856"><subfield code="u">http://www.loc.gov/chroniclingamerica/lccn/sn83016483/issues</subfield></datafield></record>